%% This BibTeX bibliography file was created using BibDesk.
%% http://bibdesk.sourceforge.net/

%% Created for Spencer Smith at 2019-09-10 15:19:48 -0400 


%% Saved with string encoding Unicode (UTF-8) 



@inproceedings{SmithEtAl2018_ICSEPoster,
	Author = {W. Spencer Smith and Mojdeh Sayari Nejad and Alan Wassyng},
	Booktitle = {ICSE 2018 Proceedings of the 40th International Conference on Software Engineering},
	Date-Added = {2019-09-10 15:19:38 -0400},
	Date-Modified = {2019-09-10 15:19:38 -0400},
	Month = may,
	Note = {2 pp},
	Title = {Assurance Cases for Scientific Computing Software (poster)},
	Year = {2018},
	Bdsk-File-1 = {YnBsaXN0MDDSAQIDBFxyZWxhdGl2ZVBhdGhZYWxpYXNEYXRhXxAyLi4vc2U0c2MvV3JpdGluZy9JQ1NFMjAxOF9Qb3N0ZXIvU21pdGhFdEFsMjAxOC5wZGZPEQGOAAAAAAGOAAIAAAxNYWNpbnRvc2ggSEQAAAAAAAAAAAAAAAAAAAAAAAAAQkQAAf////8RU21pdGhFdEFsMjAxOC5wZGYAAAAAAAAAAAAAAAAAAAAAAAAAAAAAAAAAAAAAAAAAAAAAAAAAAAAAAAAAAAAA/////wAAAAAAAAAAAAAAAAABAAQAAAogY3UAAAAAAAAAAAAAAAAAD0lDU0UyMDE4X1Bvc3RlcgAAAgBELzpVc2VyczpzbWl0aHM6UmVwb3M6c2U0c2M6V3JpdGluZzpJQ1NFMjAxOF9Qb3N0ZXI6U21pdGhFdEFsMjAxOC5wZGYADgAkABEAUwBtAGkAdABoAEUAdABBAGwAMgAwADEAOAAuAHAAZABmAA8AGgAMAE0AYQBjAGkAbgB0AG8AcwBoACAASABEABIAQlVzZXJzL3NtaXRocy9SZXBvcy9zZTRzYy9Xcml0aW5nL0lDU0UyMDE4X1Bvc3Rlci9TbWl0aEV0QWwyMDE4LnBkZgATAAEvAAAVAAIADf//AAAACAANABoAJABZAAAAAAAAAgEAAAAAAAAABQAAAAAAAAAAAAAAAAAAAes=},
	Bdsk-File-2 = {YnBsaXN0MDDSAQIDBFxyZWxhdGl2ZVBhdGhZYWxpYXNEYXRhXxA1Li4vc2U0c2MvU2NpQ29tcEFuZFNvZnRFbmdQYXBlcnMvU21pdGgyMDE4X1Bvc3Rlci5wZGZPEQGkAAAAAAGkAAIAAAxNYWNpbnRvc2ggSEQAAAAAAAAAAAAAAAAAAAAAAAAAQkQAAf////8UU21pdGgyMDE4X1Bvc3Rlci5wZGYAAAAAAAAAAAAAAAAAAAAAAAAAAAAAAAAAAAAAAAAAAAAAAAAAAAAAAAAA/////wAAAAAAAAAAAAAAAAABAAMAAAogY3UAAAAAAAAAAAAAAAAAF1NjaUNvbXBBbmRTb2Z0RW5nUGFwZXJzAAACAEcvOlVzZXJzOnNtaXRoczpSZXBvczpzZTRzYzpTY2lDb21wQW5kU29mdEVuZ1BhcGVyczpTbWl0aDIwMThfUG9zdGVyLnBkZgAADgAqABQAUwBtAGkAdABoADIAMAAxADgAXwBQAG8AcwB0AGUAcgAuAHAAZABmAA8AGgAMAE0AYQBjAGkAbgB0AG8AcwBoACAASABEABIARVVzZXJzL3NtaXRocy9SZXBvcy9zZTRzYy9TY2lDb21wQW5kU29mdEVuZ1BhcGVycy9TbWl0aDIwMThfUG9zdGVyLnBkZgAAEwABLwAAFQACAA3//wAAAAgADQAaACQAXAAAAAAAAAIBAAAAAAAAAAUAAAAAAAAAAAAAAAAAAAIE}}

@misc{Soergel2014,
	Author = {David Soergel},
	Date-Added = {2019-09-10 15:19:29 -0400},
	Date-Modified = {2019-09-10 15:19:29 -0400},
	Howpublished = {\url{http://davidsoergel.com/posts/confirmation-depth-as-a-measure-of-reproducible-scientific-research}},
	Month = {October},
	Title = {Confirmation Depth as a measure of reproducible scientific research},
	Year = {2014},
	Bdsk-Url-1 = {http://davidsoergel.com/posts/confirmation-depth-as-a-measure-of-reproducible-scientific-research}}

@article{Grunwald2004,
	Author = {Peter Gr{\"u}nwald},
	Date-Added = {2019-09-10 15:19:19 -0400},
	Date-Modified = {2019-09-10 15:19:19 -0400},
	Journal = {ArXiv e-prints},
	Month = {June},
	Title = {A tutorial introduction to the minimum description length principle},
	Year = {2004},
	Bdsk-File-1 = {YnBsaXN0MDDSAQIDBFxyZWxhdGl2ZVBhdGhZYWxpYXNEYXRhXxAxLi4vc2U0c2MvU2NpQ29tcEFuZFNvZnRFbmdQYXBlcnMvR3J1bndhbGQyMDA0LnBkZk8RAZQAAAAAAZQAAgAADE1hY2ludG9zaCBIRAAAAAAAAAAAAAAAAAAAAAAAAABCRAAB/////xBHcnVud2FsZDIwMDQucGRmAAAAAAAAAAAAAAAAAAAAAAAAAAAAAAAAAAAAAAAAAAAAAAAAAAAAAAAAAAAAAAD/////AAAAAAAAAAAAAAAAAAEAAwAACiBjdQAAAAAAAAAAAAAAAAAXU2NpQ29tcEFuZFNvZnRFbmdQYXBlcnMAAAIAQy86VXNlcnM6c21pdGhzOlJlcG9zOnNlNHNjOlNjaUNvbXBBbmRTb2Z0RW5nUGFwZXJzOkdydW53YWxkMjAwNC5wZGYAAA4AIgAQAEcAcgB1AG4AdwBhAGwAZAAyADAAMAA0AC4AcABkAGYADwAaAAwATQBhAGMAaQBuAHQAbwBzAGgAIABIAEQAEgBBVXNlcnMvc21pdGhzL1JlcG9zL3NlNHNjL1NjaUNvbXBBbmRTb2Z0RW5nUGFwZXJzL0dydW53YWxkMjAwNC5wZGYAABMAAS8AABUAAgAN//8AAAAIAA0AGgAkAFgAAAAAAAACAQAAAAAAAAAFAAAAAAAAAAAAAAAAAAAB8A==}}

@misc{SmithEtAl2018_StatSoft,
	Author = {W. Spencer Smith and Yue Sun and Jacques Carette},
	Date-Added = {2019-09-10 15:19:04 -0400},
	Date-Modified = {2019-09-10 15:19:04 -0400},
	Howpublished = {\url{https://arxiv.org/abs/1802.07362}},
	Journal = {arXiv},
	Note = {33 pp.},
	Title = {Statistical Software for Psychology: Comparing Development Practices Between {CRAN} and Other Communities},
	Year = {2018},
	Bdsk-File-1 = {YnBsaXN0MDDSAQIDBFxyZWxhdGl2ZVBhdGhZYWxpYXNEYXRhXxA7Li4vc2U0c2MvU2NpQ29tcEFuZFNvZnRFbmdQYXBlcnMvU21pdGhFdEFsMjAxOF9TdGF0U29mdC5wZGZPEQG8AAAAAAG8AAIAAAxNYWNpbnRvc2ggSEQAAAAAAAAAAAAAAAAAAAAAAAAAQkQAAf////8aU21pdGhFdEFsMjAxOF9TdGF0U29mdC5wZGYAAAAAAAAAAAAAAAAAAAAAAAAAAAAAAAAAAAAAAAAAAAAAAAAA/////wAAAAAAAAAAAAAAAAABAAMAAAogY3UAAAAAAAAAAAAAAAAAF1NjaUNvbXBBbmRTb2Z0RW5nUGFwZXJzAAACAE0vOlVzZXJzOnNtaXRoczpSZXBvczpzZTRzYzpTY2lDb21wQW5kU29mdEVuZ1BhcGVyczpTbWl0aEV0QWwyMDE4X1N0YXRTb2Z0LnBkZgAADgA2ABoAUwBtAGkAdABoAEUAdABBAGwAMgAwADEAOABfAFMAdABhAHQAUwBvAGYAdAAuAHAAZABmAA8AGgAMAE0AYQBjAGkAbgB0AG8AcwBoACAASABEABIAS1VzZXJzL3NtaXRocy9SZXBvcy9zZTRzYy9TY2lDb21wQW5kU29mdEVuZ1BhcGVycy9TbWl0aEV0QWwyMDE4X1N0YXRTb2Z0LnBkZgAAEwABLwAAFQACAA3//wAAAAgADQAaACQAYgAAAAAAAAIBAAAAAAAAAAUAAAAAAAAAAAAAAAAAAAIi}}

@article{SmithEtAl2018,
	Author = {W. Spencer Smith and Zheng Zeng and Jacques Carette},
	Date-Added = {2019-09-10 15:18:53 -0400},
	Date-Modified = {2019-09-10 15:18:53 -0400},
	Journal = {Journal of Seismology},
	Keywords = {seismology, scientific computing, software quality model, analytic hierarchy process, software engineering},
	Month = {May},
	Number = {3},
	Pages = {755--788},
	Title = {Seismology Software: State of the Practice},
	Volume = {22},
	Year = {2018},
	Bdsk-File-1 = {YnBsaXN0MDDSAQIDBFxyZWxhdGl2ZVBhdGhZYWxpYXNEYXRhXxAyLi4vc2U0c2MvU2NpQ29tcEFuZFNvZnRFbmdQYXBlcnMvU21pdGhFdEFsMjAxOC5wZGZPEQGWAAAAAAGWAAIAAAxNYWNpbnRvc2ggSEQAAAAAAAAAAAAAAAAAAAAAAAAAQkQAAf////8RU21pdGhFdEFsMjAxOC5wZGYAAAAAAAAAAAAAAAAAAAAAAAAAAAAAAAAAAAAAAAAAAAAAAAAAAAAAAAAAAAAA/////wAAAAAAAAAAAAAAAAABAAMAAAogY3UAAAAAAAAAAAAAAAAAF1NjaUNvbXBBbmRTb2Z0RW5nUGFwZXJzAAACAEQvOlVzZXJzOnNtaXRoczpSZXBvczpzZTRzYzpTY2lDb21wQW5kU29mdEVuZ1BhcGVyczpTbWl0aEV0QWwyMDE4LnBkZgAOACQAEQBTAG0AaQB0AGgARQB0AEEAbAAyADAAMQA4AC4AcABkAGYADwAaAAwATQBhAGMAaQBuAHQAbwBzAGgAIABIAEQAEgBCVXNlcnMvc21pdGhzL1JlcG9zL3NlNHNjL1NjaUNvbXBBbmRTb2Z0RW5nUGFwZXJzL1NtaXRoRXRBbDIwMTgucGRmABMAAS8AABUAAgAN//8AAAAIAA0AGgAkAFkAAAAAAAACAQAAAAAAAAAFAAAAAAAAAAAAAAAAAAAB8w==}}

@article{SmithEtAl2016,
	Author = {W. Spencer Smith and Adam Lazzarato and Jacques Carette},
	Date-Added = {2019-09-10 15:17:59 -0400},
	Date-Modified = {2019-09-10 15:17:59 -0400},
	Journal = {Advances in Engineering Software},
	Month = oct,
	Pages = {53--71},
	Title = {State of Practice for Mesh Generation Software},
	Volume = {100},
	Year = {2016},
	Bdsk-File-1 = {YnBsaXN0MDDSAQIDBFxyZWxhdGl2ZVBhdGhZYWxpYXNEYXRhXxAyLi4vc2U0c2MvU2NpQ29tcEFuZFNvZnRFbmdQYXBlcnMvU21pdGhFdEFsMjAxNi5wZGZPEQGWAAAAAAGWAAIAAAxNYWNpbnRvc2ggSEQAAAAAAAAAAAAAAAAAAAAAAAAAQkQAAf////8RU21pdGhFdEFsMjAxNi5wZGYAAAAAAAAAAAAAAAAAAAAAAAAAAAAAAAAAAAAAAAAAAAAAAAAAAAAAAAAAAAAA/////wAAAAAAAAAAAAAAAAABAAMAAAogY3UAAAAAAAAAAAAAAAAAF1NjaUNvbXBBbmRTb2Z0RW5nUGFwZXJzAAACAEQvOlVzZXJzOnNtaXRoczpSZXBvczpzZTRzYzpTY2lDb21wQW5kU29mdEVuZ1BhcGVyczpTbWl0aEV0QWwyMDE2LnBkZgAOACQAEQBTAG0AaQB0AGgARQB0AEEAbAAyADAAMQA2AC4AcABkAGYADwAaAAwATQBhAGMAaQBuAHQAbwBzAGgAIABIAEQAEgBCVXNlcnMvc21pdGhzL1JlcG9zL3NlNHNjL1NjaUNvbXBBbmRTb2Z0RW5nUGFwZXJzL1NtaXRoRXRBbDIwMTYucGRmABMAAS8AABUAAgAN//8AAAAIAA0AGgAkAFkAAAAAAAACAQAAAAAAAAAFAAAAAAAAAAAAAAAAAAAB8w==},
	Bdsk-File-2 = {YnBsaXN0MDDSAQIDBFxyZWxhdGl2ZVBhdGhZYWxpYXNEYXRhXxBCLi4vLi4vT0xEX1NWTi9tbXNjT0xEX1NWTi9Eb21haW5YL0FkYW0gTGF6emFyYXRvL1dyaXRpbmcvTUcvbWcucGRmTxEBhgAAAAABhgACAAAMTWFjaW50b3NoIEhEAAAAAAAAAAAAAAAAAAAAAAAAAEJEAAH/////Bm1nLnBkZgAAAAAAAAAAAAAAAAAAAAAAAAAAAAAAAAAAAAAAAAAAAAAAAAAAAAAAAAAAAAAAAAAAAAAAAAAAAP////8AAAAAAAAAAAAAAAAAAgAHAAAKIGN1AAAAAAAAAAAAAAAAAAJNRwACAFEvOlVzZXJzOnNtaXRoczpSZXBvczpPTERfU1ZOOm1tc2NPTERfU1ZOOkRvbWFpblg6QWRhbSBMYXp6YXJhdG86V3JpdGluZzpNRzptZy5wZGYAAA4ADgAGAG0AZwAuAHAAZABmAA8AGgAMAE0AYQBjAGkAbgB0AG8AcwBoACAASABEABIAT1VzZXJzL3NtaXRocy9SZXBvcy9PTERfU1ZOL21tc2NPTERfU1ZOL0RvbWFpblgvQWRhbSBMYXp6YXJhdG8vV3JpdGluZy9NRy9tZy5wZGYAABMAAS8AABUAAgAN//8AAAAIAA0AGgAkAGkAAAAAAAACAQAAAAAAAAAFAAAAAAAAAAAAAAAAAAAB8w==},
	Bdsk-Url-1 = {http://www.sciencedirect.com/science/article/pii/S0965997816301296}}

@misc{SmithEtAl2018_arXivGIS,
	Author = {W. Spencer Smith and Adam Lazzarato and Jacques Carette},
	Date-Added = {2019-09-10 15:17:38 -0400},
	Date-Modified = {2019-09-10 15:17:38 -0400},
	Howpublished = {\url{https://arxiv.org/abs/1802.03422}},
	Month = feb,
	Title = {State of the Practice for {GIS} Software},
	Year = {2018},
	Bdsk-File-1 = {YnBsaXN0MDDSAQIDBFxyZWxhdGl2ZVBhdGhZYWxpYXNEYXRhXxA7Li4vc2U0c2MvU2NpQ29tcEFuZFNvZnRFbmdQYXBlcnMvU21pdGhFdEFsMjAxOF9hclhpdkdJUy5wZGZPEQG8AAAAAAG8AAIAAAxNYWNpbnRvc2ggSEQAAAAAAAAAAAAAAAAAAAAAAAAAQkQAAf////8aU21pdGhFdEFsMjAxOF9hclhpdkdJUy5wZGYAAAAAAAAAAAAAAAAAAAAAAAAAAAAAAAAAAAAAAAAAAAAAAAAA/////wAAAAAAAAAAAAAAAAABAAMAAAogY3UAAAAAAAAAAAAAAAAAF1NjaUNvbXBBbmRTb2Z0RW5nUGFwZXJzAAACAE0vOlVzZXJzOnNtaXRoczpSZXBvczpzZTRzYzpTY2lDb21wQW5kU29mdEVuZ1BhcGVyczpTbWl0aEV0QWwyMDE4X2FyWGl2R0lTLnBkZgAADgA2ABoAUwBtAGkAdABoAEUAdABBAGwAMgAwADEAOABfAGEAcgBYAGkAdgBHAEkAUwAuAHAAZABmAA8AGgAMAE0AYQBjAGkAbgB0AG8AcwBoACAASABEABIAS1VzZXJzL3NtaXRocy9SZXBvcy9zZTRzYy9TY2lDb21wQW5kU29mdEVuZ1BhcGVycy9TbWl0aEV0QWwyMDE4X2FyWGl2R0lTLnBkZgAAEwABLwAAFQACAA3//wAAAAgADQAaACQAYgAAAAAAAAIBAAAAAAAAAAUAAAAAAAAAAAAAAAAAAAIi}}

@inproceedings{CaretteEtAl2011,
	Abstract = {We present the design and implementation of a generative geometric kernel. The kernel generator is generic, type-safe, parametrized by many design-level choices and extensible.  The resulting code has minimal traces of the design abstractions.  We achieve genericity through a layered design deriving concepts from affine geometry, linear algebra and abstract algebra.  We achieve parametrization and type-safety by using OCaml's module system, including higher order modules. The cost of abstraction is removed by using MetaOCaml's support for code generation coupled with some annotations atop the code type.},
	Author = {Jacques Carette and Mustafa ElSheikh and W. Spencer Smith},
	Booktitle = {ACM SIGPLAN 2011 Workshop on Partial Evaluation and Program Manipulation (PEPM'11)},
	Date-Added = {2019-09-10 15:17:24 -0400},
	Date-Modified = {2019-09-10 15:17:24 -0400},
	Keywords = {MetaOCaml, Geometry, Generative, Generic},
	Month = jan,
	Pages = {53--62},
	Title = {A Generative Geometric Kernel},
	Year = {2011},
	Bdsk-File-1 = {YnBsaXN0MDDSAQIDBFxyZWxhdGl2ZVBhdGhZYWxpYXNEYXRhXxA6Li4vLi4vT0xEX1NWTi9tZ2dPTEQvdHJ1bmsvZG9jcy9wZXBtMTEvcGVwbTI4cC1jYXJldHRlLnBkZk8RAZQAAAAAAZQAAgAADE1hY2ludG9zaCBIRAAAAAAAAAAAAAAAAAAAAAAAAABCRAAB/////xNwZXBtMjhwLWNhcmV0dGUucGRmAAAAAAAAAAAAAAAAAAAAAAAAAAAAAAAAAAAAAAAAAAAAAAAAAAAAAAAAAAD/////AAAAAAAAAAAAAAAAAAIABgAACiBjdQAAAAAAAAAAAAAAAAAGcGVwbTExAAIASS86VXNlcnM6c21pdGhzOlJlcG9zOk9MRF9TVk46bWdnT0xEOnRydW5rOmRvY3M6cGVwbTExOnBlcG0yOHAtY2FyZXR0ZS5wZGYAAA4AKAATAHAAZQBwAG0AMgA4AHAALQBjAGEAcgBlAHQAdABlAC4AcABkAGYADwAaAAwATQBhAGMAaQBuAHQAbwBzAGgAIABIAEQAEgBHVXNlcnMvc21pdGhzL1JlcG9zL09MRF9TVk4vbWdnT0xEL3RydW5rL2RvY3MvcGVwbTExL3BlcG0yOHAtY2FyZXR0ZS5wZGYAABMAAS8AABUAAgAN//8AAAAIAA0AGgAkAGEAAAAAAAACAQAAAAAAAAAFAAAAAAAAAAAAAAAAAAAB+Q==}}

@book{LoggEtAl2012,
	Date-Added = {2019-09-10 15:16:42 -0400},
	Date-Modified = {2019-09-10 15:16:42 -0400},
	Doi = {10.1007/978-3-642-23099-8},
	Editor = {A. Logg and K.-A. Mardal and G. N. Wells},
	Publisher = {Springer},
	Series = {Lecture Notes in Computational Science and Engineering},
	Title = {Automated Solution of Differential Equations by the Finite Element Method},
	Url = {http://dx.doi.org/10.1007/978-3-642-23099-8},
	Volume = {84},
	Year = {2012},
	Bdsk-File-1 = {YnBsaXN0MDDSAQIDBFxyZWxhdGl2ZVBhdGhZYWxpYXNEYXRhXxAxLi4vc2U0c2MvU2NpQ29tcEFuZFNvZnRFbmdQYXBlcnMvTG9nZ0V0QWwyMDEyLnBkZk8RAZQAAAAAAZQAAgAADE1hY2ludG9zaCBIRAAAAAAAAAAAAAAAAAAAAAAAAABCRAAB/////xBMb2dnRXRBbDIwMTIucGRmAAAAAAAAAAAAAAAAAAAAAAAAAAAAAAAAAAAAAAAAAAAAAAAAAAAAAAAAAAAAAAD/////AAAAAAAAAAAAAAAAAAEAAwAACiBjdQAAAAAAAAAAAAAAAAAXU2NpQ29tcEFuZFNvZnRFbmdQYXBlcnMAAAIAQy86VXNlcnM6c21pdGhzOlJlcG9zOnNlNHNjOlNjaUNvbXBBbmRTb2Z0RW5nUGFwZXJzOkxvZ2dFdEFsMjAxMi5wZGYAAA4AIgAQAEwAbwBnAGcARQB0AEEAbAAyADAAMQAyAC4AcABkAGYADwAaAAwATQBhAGMAaQBuAHQAbwBzAGgAIABIAEQAEgBBVXNlcnMvc21pdGhzL1JlcG9zL3NlNHNjL1NjaUNvbXBBbmRTb2Z0RW5nUGFwZXJzL0xvZ2dFdEFsMjAxMi5wZGYAABMAAS8AABUAAgAN//8AAAAIAA0AGgAkAFgAAAAAAAACAQAAAAAAAAAFAAAAAAAAAAAAAAAAAAAB8A==},
	Bdsk-Url-1 = {http://dx.doi.org/10.1007/978-3-642-23099-8}}

@article{Carette2008,
	Author = {Jacques Carette and Oleg Kiselyov},
	Bibsource = {DBLP, http://dblp.uni-trier.de},
	Date-Added = {2019-09-10 15:16:35 -0400},
	Date-Modified = {2019-09-10 15:16:35 -0400},
	Ee = {http://dx.doi.org/10.1016/j.scico.2008.09.008},
	Journal = {Sci. Comput. Program.},
	Number = {5},
	Pages = {349-375},
	Title = {Multi-stage programming with {F}unctors and {M}onads: {E}liminating abstraction overhead from generic code},
	Volume = {76},
	Year = {2011},
	Bdsk-File-1 = {YnBsaXN0MDDSAQIDBFxyZWxhdGl2ZVBhdGhZYWxpYXNEYXRhXxA8Li4vLi4vV29yay9SZXNlYXJjaC9SZWZlcmVuY2VzL0NhcmV0dGUyMDA4c2NwX21ldGFtb25hZHMucGRmTxEBpAAAAAABpAACAAAMTWFjaW50b3NoIEhEAAAAAAAAAAAAAAAAAAAAAAAAAEJEAAH/////HUNhcmV0dGUyMDA4c2NwX21ldGFtb25hZHMucGRmAAAAAAAAAAAAAAAAAAAAAAAAAAAAAAAAAAAAAAAAAAAAAP////8AAAAAAAAAAAAAAAAAAgAEAAAKIGN1AAAAAAAAAAAAAAAAAApSZWZlcmVuY2VzAAIARS86VXNlcnM6c21pdGhzOldvcms6UmVzZWFyY2g6UmVmZXJlbmNlczpDYXJldHRlMjAwOHNjcF9tZXRhbW9uYWRzLnBkZgAADgA8AB0AQwBhAHIAZQB0AHQAZQAyADAAMAA4AHMAYwBwAF8AbQBlAHQAYQBtAG8AbgBhAGQAcwAuAHAAZABmAA8AGgAMAE0AYQBjAGkAbgB0AG8AcwBoACAASABEABIAQ1VzZXJzL3NtaXRocy9Xb3JrL1Jlc2VhcmNoL1JlZmVyZW5jZXMvQ2FyZXR0ZTIwMDhzY3BfbWV0YW1vbmFkcy5wZGYAABMAAS8AABUAAgAN//8AAAAIAA0AGgAkAGMAAAAAAAACAQAAAAAAAAAFAAAAAAAAAAAAAAAAAAACCw==}}

@inproceedings{Pueschel2001,
	Author = {Markus P\"{u}schel and Bryan Singer and Manuela Veloso and Jos\'{e} M. F. Moura},
	Booktitle = {International Conference on Computational Science (ICCS)},
	Date-Added = {2019-09-10 15:16:20 -0400},
	Date-Modified = {2019-09-10 15:16:20 -0400},
	Pages = {97--106},
	Publisher = {Springer},
	Series = {Lecture Notes In Computer Science},
	Title = {Fast Automatic Generation of {DSP} Algorithms},
	Volume = {2073},
	Year = {2001},
	Bdsk-File-1 = {YnBsaXN0MDDSAQIDBFxyZWxhdGl2ZVBhdGhZYWxpYXNEYXRhXxAvLi4vLi4vV29yay9SZXNlYXJjaC9SZWZlcmVuY2VzL1B1ZXNjaGVsMjAwMS5wZGZPEQFuAAAAAAFuAAIAAAxNYWNpbnRvc2ggSEQAAAAAAAAAAAAAAAAAAAAAAAAAQkQAAf////8QUHVlc2NoZWwyMDAxLnBkZgAAAAAAAAAAAAAAAAAAAAAAAAAAAAAAAAAAAAAAAAAAAAAAAAAAAAAAAAAAAAAA/////wAAAAAAAAAAAAAAAAACAAQAAAogY3UAAAAAAAAAAAAAAAAAClJlZmVyZW5jZXMAAgA4LzpVc2VyczpzbWl0aHM6V29yazpSZXNlYXJjaDpSZWZlcmVuY2VzOlB1ZXNjaGVsMjAwMS5wZGYADgAiABAAUAB1AGUAcwBjAGgAZQBsADIAMAAwADEALgBwAGQAZgAPABoADABNAGEAYwBpAG4AdABvAHMAaAAgAEgARAASADZVc2Vycy9zbWl0aHMvV29yay9SZXNlYXJjaC9SZWZlcmVuY2VzL1B1ZXNjaGVsMjAwMS5wZGYAEwABLwAAFQACAA3//wAAAAgADQAaACQAVgAAAAAAAAIBAAAAAAAAAAUAAAAAAAAAAAAAAAAAAAHI}}

@inproceedings{Veldhuizen1998,
	Author = {Todd. L. Veldhuizen},
	Booktitle = {Proceedings of the 2nd International Scientific Computing in Object-Oriented Parallel Environments ({ISCOPE}'98), Lecture Notes in Computer Science},
	Date-Added = {2019-09-10 15:16:14 -0400},
	Date-Modified = {2019-09-10 15:16:14 -0400},
	Local-Url = {file://localhost/Users/smiths/LongTermArchives/Work/Research/References/GenerativeProgramming/Veldhuizen98.pdf},
	Publisher = {Springer-Verlag},
	Title = {Arrays in {Blitz++}},
	Year = {1998},
	Bdsk-File-1 = {YnBsaXN0MDDSAQIDBFxyZWxhdGl2ZVBhdGhZYWxpYXNEYXRhXxBcLi4vLi4vLi4vLi4vTG9uZ1Rlcm1BcmNoaXZlcy9Xb3JrL1Jlc2VhcmNoL1JlZmVyZW5jZXMvR2VuZXJhdGl2ZVByb2dyYW1taW5nL1ZlbGRodWl6ZW45OC5wZGZPEQIMAAAAAAIMAAIAAAxNYWNpbnRvc2ggSEQAAAAAAAAAAAAAAAAAAADGxWEASCsAAAASp4YQVmVsZGh1aXplbjk4LnBkZgAAAAAAAAAAAAAAAAAAAAAAAAAAAAAAAAAAAAAAAAAAAAAAAAAAAAAAAAAAAAAAABKzfshOdDJQREYgQ0FSTwAEAAYAAAkgAAAAAAAAAAAAAAAAAAAAFUdlbmVyYXRpdmVQcm9ncmFtbWluZwAAEAAIAADGxZlAAAAAEQAIAADITqxyAAAAAQAcABKnhgASojYAEqDKABKgqQASoKUACFn3AAB8YwACAGpNYWNpbnRvc2ggSEQ6VXNlcnM6c21pdGhzOkxvbmdUZXJtQXJjaGl2ZXM6V29yazpSZXNlYXJjaDpSZWZlcmVuY2VzOkdlbmVyYXRpdmVQcm9ncmFtbWluZzpWZWxkaHVpemVuOTgucGRmAA4AIgAQAFYAZQBsAGQAaAB1AGkAegBlAG4AOQA4AC4AcABkAGYADwAaAAwATQBhAGMAaQBuAHQAbwBzAGgAIABIAEQAEgBdVXNlcnMvc21pdGhzL0xvbmdUZXJtQXJjaGl2ZXMvV29yay9SZXNlYXJjaC9SZWZlcmVuY2VzL0dlbmVyYXRpdmVQcm9ncmFtbWluZy9WZWxkaHVpemVuOTgucGRmAAATAAEvAAAVAAIADf//AAAACAANABoAJACDAAAAAAAAAgEAAAAAAAAABQAAAAAAAAAAAAAAAAAAApM=}}

@article{WhaleyEtAl2001,
	Author = {R. C. Whaley and A. Petitet and J. J. Dongarra},
	Date-Added = {2019-09-10 15:16:05 -0400},
	Date-Modified = {2019-09-10 15:16:05 -0400},
	Journal = {Parallel Computing},
	Local-Url = {file://localhost/Users/smiths/LongTermArchives/Work/Research/References/GenerativeProgramming/WhaleyEtAl2001.pdf},
	Number = {1--2},
	Pages = {3--35},
	Title = {Automated empirical optimization of software and the {ATLAS} project},
	Volume = {27},
	Year = {2001},
	Bdsk-File-1 = {YnBsaXN0MDDSAQIDBFxyZWxhdGl2ZVBhdGhZYWxpYXNEYXRhXxBeLi4vLi4vLi4vLi4vTG9uZ1Rlcm1BcmNoaXZlcy9Xb3JrL1Jlc2VhcmNoL1JlZmVyZW5jZXMvR2VuZXJhdGl2ZVByb2dyYW1taW5nL1doYWxleUV0QWwyMDAxLnBkZk8RAhQAAAAAAhQAAgAADE1hY2ludG9zaCBIRAAAAAAAAAAAAAAAAAAAAMbFYQBIKwAAABKnhhJXaGFsZXlFdEFsMjAwMS5wZGYAAAAAAAAAAAAAAAAAAAAAAAAAAAAAAAAAAAAAAAAAAAAAAAAAAAAAAAAAAAAAErOuyE50NQAAAAAAAAAAAAQABgAACSAAAAAAAAAAAAAAAAAAAAAVR2VuZXJhdGl2ZVByb2dyYW1taW5nAAAQAAgAAMbFmUAAAAARAAgAAMhOrHUAAAABABwAEqeGABKiNgASoMoAEqCpABKgpQAIWfcAAHxjAAIAbE1hY2ludG9zaCBIRDpVc2VyczpzbWl0aHM6TG9uZ1Rlcm1BcmNoaXZlczpXb3JrOlJlc2VhcmNoOlJlZmVyZW5jZXM6R2VuZXJhdGl2ZVByb2dyYW1taW5nOldoYWxleUV0QWwyMDAxLnBkZgAOACYAEgBXAGgAYQBsAGUAeQBFAHQAQQBsADIAMAAwADEALgBwAGQAZgAPABoADABNAGEAYwBpAG4AdABvAHMAaAAgAEgARAASAF9Vc2Vycy9zbWl0aHMvTG9uZ1Rlcm1BcmNoaXZlcy9Xb3JrL1Jlc2VhcmNoL1JlZmVyZW5jZXMvR2VuZXJhdGl2ZVByb2dyYW1taW5nL1doYWxleUV0QWwyMDAxLnBkZgAAEwABLwAAFQACAA3//wAAAAgADQAaACQAhQAAAAAAAAIBAAAAAAAAAAUAAAAAAAAAAAAAAAAAAAKd}}

@article{LucivEtAl2018,
	Abstract = {Contemporary software documentation is as complicated as the software itself. During its lifecycle, the documentation accumulates a lot of ``near duplicate'' fragments, i.e. chunks of text that were copied from a single source and were later modified in different ways. Such near duplicates decrease documentation quality and thus hamper its further utilization. At the same time, they are hard to detect manually due to their fuzzy nature. In this paper we give a formal definition of near duplicates and present an algorithm for their detection in software documents. This algorithm is based on the exact software clone detection approach: the software clone detection tool Clone Miner was adapted to detect exact duplicates in documents. Then, our algorithm uses these exact duplicates to construct near ones. We evaluate the proposed algorithm using the documentation of 19 open source and commercial projects. Our evaluation is very comprehensive -- it covers various documentation types: design and requirement specifications, programming guides and API documentation, user manuals. Overall, the evaluation shows that all kinds of software documentation contain a significant number of both exact and near duplicates. Next, we report on the performed manual analysis of the detected near duplicates for the Linux Kernel Documentation. We present both quantative and qualitative results of this analysis, demonstrate algorithm strengths and weaknesses, and discuss the benefits of duplicate management in software documents.},
	Author = {Luciv, D. V. and Koznov, D. V. and Chernishev, G. A. and Terekhov, A. N. and Romanovsky, K. Yu. and Grigoriev, D. A.},
	Date-Added = {2019-09-10 15:15:57 -0400},
	Date-Modified = {2019-09-10 15:15:57 -0400},
	Day = {01},
	Doi = {10.1134/S0361768818050079},
	Issn = {1608-3261},
	Journal = {Programming and Computer Software},
	Month = {Sep},
	Number = {5},
	Pages = {335--343},
	Title = {Detecting Near Duplicates in Software Documentation},
	Url = {https://doi.org/10.1134/S0361768818050079},
	Volume = {44},
	Year = {2018},
	Bdsk-File-1 = {YnBsaXN0MDDSAQIDBFxyZWxhdGl2ZVBhdGhZYWxpYXNEYXRhXxAyLi4vc2U0c2MvU2NpQ29tcEFuZFNvZnRFbmdQYXBlcnMvTHVjaXZFdEFsMjAxOC5wZGZPEQGWAAAAAAGWAAIAAAxNYWNpbnRvc2ggSEQAAAAAAAAAAAAAAAAAAAAAAAAAQkQAAf////8RTHVjaXZFdEFsMjAxOC5wZGYAAAAAAAAAAAAAAAAAAAAAAAAAAAAAAAAAAAAAAAAAAAAAAAAAAAAAAAAAAAAA/////wAAAAAAAAAAAAAAAAABAAMAAAogY3UAAAAAAAAAAAAAAAAAF1NjaUNvbXBBbmRTb2Z0RW5nUGFwZXJzAAACAEQvOlVzZXJzOnNtaXRoczpSZXBvczpzZTRzYzpTY2lDb21wQW5kU29mdEVuZ1BhcGVyczpMdWNpdkV0QWwyMDE4LnBkZgAOACQAEQBMAHUAYwBpAHYARQB0AEEAbAAyADAAMQA4AC4AcABkAGYADwAaAAwATQBhAGMAaQBuAHQAbwBzAGgAIABIAEQAEgBCVXNlcnMvc21pdGhzL1JlcG9zL3NlNHNjL1NjaUNvbXBBbmRTb2Z0RW5nUGFwZXJzL0x1Y2l2RXRBbDIwMTgucGRmABMAAS8AABUAAgAN//8AAAAIAA0AGgAkAFkAAAAAAAACAQAAAAAAAAAFAAAAAAAAAAAAAAAAAAAB8w==},
	Bdsk-Url-1 = {https://doi.org/10.1134/S0361768818050079}}

@article{Kelly2007,
	Address = {Los Alamitos, CA, USA},
	Author = {Diane F. Kelly},
	Date-Added = {2019-09-10 15:15:47 -0400},
	Date-Modified = {2019-09-10 15:15:47 -0400},
	Doi = {http://dx.doi.org/10.1109/MS.2007.155},
	Issn = {0740-7459},
	Journal = {IEEE Software},
	Local-Url = {file://localhost/Users/smiths/LongTermArchives/Work/Research/References/SciCompAndSoftEng/Kelly2007.pdf},
	Number = {6},
	Pages = {120--119},
	Publisher = {IEEE Computer Society Press},
	Title = {A Software Chasm: Software Engineering and Scientific Computing},
	Volume = {24},
	Year = {2007},
	Bdsk-File-1 = {YnBsaXN0MDDSAQIDBFxyZWxhdGl2ZVBhdGhZYWxpYXNEYXRhXxBuLi4vLi4vT0xEX1NWTi9tbXNjT0xEX1NWTi9Eb21haW5YL1poZW5nIFplbmcvV3JpdGluZ3MvUmVmZXJlbmNlcy9QYXBlcnNPblNvZnRFbmdBcHBsaWVkVG9TY2lDb21wL0tlbGx5MjAwNy5wZGZPEQIKAAAAAAIKAAIAAAxNYWNpbnRvc2ggSEQAAAAAAAAAAAAAAAAAAAAAAAAAQkQAAf////8NS2VsbHkyMDA3LnBkZgAAAAAAAAAAAAAAAAAAAAAAAAAAAAAAAAAAAAAAAAAAAAAAAAAAAAAAAAAAAAAAAAAA/////wAAAAAAAAAAAAAAAAACAAgAAAogY3UAAAAAAAAAAAAAAAAAH1BhcGVyc09uU29mdEVuZ0FwcGxpZWRUb1NjaUNvbXAAAAIAfS86VXNlcnM6c21pdGhzOlJlcG9zOk9MRF9TVk46bW1zY09MRF9TVk46RG9tYWluWDpaaGVuZyBaZW5nOldyaXRpbmdzOlJlZmVyZW5jZXM6UGFwZXJzT25Tb2Z0RW5nQXBwbGllZFRvU2NpQ29tcDpLZWxseTIwMDcucGRmAAAOABwADQBLAGUAbABsAHkAMgAwADAANwAuAHAAZABmAA8AGgAMAE0AYQBjAGkAbgB0AG8AcwBoACAASABEABIAe1VzZXJzL3NtaXRocy9SZXBvcy9PTERfU1ZOL21tc2NPTERfU1ZOL0RvbWFpblgvWmhlbmcgWmVuZy9Xcml0aW5ncy9SZWZlcmVuY2VzL1BhcGVyc09uU29mdEVuZ0FwcGxpZWRUb1NjaUNvbXAvS2VsbHkyMDA3LnBkZgAAEwABLwAAFQACAA3//wAAAAgADQAaACQAlQAAAAAAAAIBAAAAAAAAAAUAAAAAAAAAAAAAAAAAAAKj},
	Bdsk-Url-1 = {http://dx.doi.org/10.1109/MS.2007.155}}

@article{JohansonAndHasselbring2018,
	Author = {Arne N. Johanson and Wilhelm Hasselbring},
	Date-Added = {2019-09-10 15:15:13 -0400},
	Date-Modified = {2019-09-10 15:15:13 -0400},
	Journal = {Computing in Science \& Engineering},
	Pages = {1--31},
	Title = {Software Engineering for Computational Science: Past, Present, Future},
	Volume = {Accepted},
	Year = {2018},
	Bdsk-File-1 = {YnBsaXN0MDDSAQIDBFxyZWxhdGl2ZVBhdGhZYWxpYXNEYXRhXxA/Li4vc2U0c2MvU2NpQ29tcEFuZFNvZnRFbmdQYXBlcnMvSm9oYW5zb25BbmRIYXNzZWxicmluZzIwMTgucGRmTxEBzAAAAAABzAACAAAMTWFjaW50b3NoIEhEAAAAAAAAAAAAAAAAAAAAAAAAAEJEAAH/////HkpvaGFuc29uQW5kSGFzc2VsYnJpbmcyMDE4LnBkZgAAAAAAAAAAAAAAAAAAAAAAAAAAAAAAAAAAAAAAAAAAAP////8AAAAAAAAAAAAAAAAAAQADAAAKIGN1AAAAAAAAAAAAAAAAABdTY2lDb21wQW5kU29mdEVuZ1BhcGVycwAAAgBRLzpVc2VyczpzbWl0aHM6UmVwb3M6c2U0c2M6U2NpQ29tcEFuZFNvZnRFbmdQYXBlcnM6Sm9oYW5zb25BbmRIYXNzZWxicmluZzIwMTgucGRmAAAOAD4AHgBKAG8AaABhAG4AcwBvAG4AQQBuAGQASABhAHMAcwBlAGwAYgByAGkAbgBnADIAMAAxADgALgBwAGQAZgAPABoADABNAGEAYwBpAG4AdABvAHMAaAAgAEgARAASAE9Vc2Vycy9zbWl0aHMvUmVwb3Mvc2U0c2MvU2NpQ29tcEFuZFNvZnRFbmdQYXBlcnMvSm9oYW5zb25BbmRIYXNzZWxicmluZzIwMTgucGRmAAATAAEvAAAVAAIADf//AAAACAANABoAJABmAAAAAAAAAgEAAAAAAAAABQAAAAAAAAAAAAAAAAAAAjY=}}

@article{Storer2017,
	Abstract = {The use of software is pervasive in all fields of science. Associated software development efforts may be very large, long lived, and complex, requiring the commitment of significant resources. However, several authors have argued that the ``gap'' or ``chasm'' between software engineering and scientific programming is a serious risk to the production of reliable scientific results, as demonstrated in a number of case studies. This article reviews the research that addresses the gap, exploring how both software engineering and research practice may need to evolve to accommodate the use of software in science.},
	Acmid = {3084225},
	Address = {New York, NY, USA},
	Annote = {- makes clear case (with examples) that software brings a variety of benefits to scientific research
- highlights SCS probs with scientific methd, esp repeatability and reproducibilty - examples of retractions
``There is a need to improve the transfer of existing practices and tools from other applications of software engineering to scientific programming. In addition, due to the specialised nature of scientific programming, there is a need for research to specifically develop methods and tools that are tailored to the domain.''},
	Articleno = {47},
	Author = {Storer, Tim},
	Date-Added = {2019-09-10 15:15:03 -0400},
	Date-Modified = {2019-09-10 15:15:03 -0400},
	Doi = {10.1145/3084225},
	Issn = {0360-0300},
	Issue_Date = {August 2017},
	Journal = {ACM Comput. Surv.},
	Keywords = {Software engineering, scientific programming},
	Month = aug,
	Number = {4},
	Numpages = {32},
	Pages = {47:1--47:32},
	Publisher = {ACM},
	Title = {Bridging the Chasm: A Survey of Software Engineering Practice in Scientific Programming},
	Url = {http://doi.acm.org/10.1145/3084225},
	Volume = {50},
	Year = {2017},
	Bdsk-File-1 = {YnBsaXN0MDDSAQIDBFxyZWxhdGl2ZVBhdGhZYWxpYXNEYXRhXxAvLi4vc2U0c2MvU2NpQ29tcEFuZFNvZnRFbmdQYXBlcnMvU3RvcmVyMjAxNy5wZGZPEQGMAAAAAAGMAAIAAAxNYWNpbnRvc2ggSEQAAAAAAAAAAAAAAAAAAAAAAAAAQkQAAf////8OU3RvcmVyMjAxNy5wZGYAAAAAAAAAAAAAAAAAAAAAAAAAAAAAAAAAAAAAAAAAAAAAAAAAAAAAAAAAAAAAAAAA/////wAAAAAAAAAAAAAAAAABAAMAAAogY3UAAAAAAAAAAAAAAAAAF1NjaUNvbXBBbmRTb2Z0RW5nUGFwZXJzAAACAEEvOlVzZXJzOnNtaXRoczpSZXBvczpzZTRzYzpTY2lDb21wQW5kU29mdEVuZ1BhcGVyczpTdG9yZXIyMDE3LnBkZgAADgAeAA4AUwB0AG8AcgBlAHIAMgAwADEANwAuAHAAZABmAA8AGgAMAE0AYQBjAGkAbgB0AG8AcwBoACAASABEABIAP1VzZXJzL3NtaXRocy9SZXBvcy9zZTRzYy9TY2lDb21wQW5kU29mdEVuZ1BhcGVycy9TdG9yZXIyMDE3LnBkZgAAEwABLwAAFQACAA3//wAAAAgADQAaACQAVgAAAAAAAAIBAAAAAAAAAAUAAAAAAAAAAAAAAAAAAAHm},
	Bdsk-Url-1 = {http://doi.acm.org/10.1145/3084225},
	Bdsk-Url-2 = {http://dx.doi.org/10.1145/3084225}}

@article{StewartEtAl2017,
	Annote = {- report discusses important CS goals
	- computer science problem of dealing with massive amounts of data
	- improved efficiency, scalability and performance
- training
- explain and quantify how huge their problems is
- sustainability seems to mean a move to Python},
	Archiveprefix = {arXiv},
	Author = {Graeme Stewart and others},
	Date-Added = {2019-09-10 15:14:43 -0400},
	Date-Modified = {2019-09-10 15:14:43 -0400},
	Eprint = {1712.06982},
	Journal = {arXiv},
	Primaryclass = {physics.comp-ph},
	Reportnumber = {HSF-CWP-2017-001, HSF-CWP-2017-01, FERMILAB-PUB-17-607-CD},
	Slaccitation = {%%CITATION = ARXIV:1712.06982;%%},
	Title = {{A Roadmap for HEP Software and Computing R\&D for the 2020s}},
	Year = {2017},
	Bdsk-File-1 = {YnBsaXN0MDDSAQIDBFxyZWxhdGl2ZVBhdGhZYWxpYXNEYXRhXxA0Li4vc2U0c2MvU2NpQ29tcEFuZFNvZnRFbmdQYXBlcnMvU3Rld2FydEV0QWwyMDE3LnBkZk8RAZ4AAAAAAZ4AAgAADE1hY2ludG9zaCBIRAAAAAAAAAAAAAAAAAAAAAAAAABCRAAB/////xNTdGV3YXJ0RXRBbDIwMTcucGRmAAAAAAAAAAAAAAAAAAAAAAAAAAAAAAAAAAAAAAAAAAAAAAAAAAAAAAAAAAD/////AAAAAAAAAAAAAAAAAAEAAwAACiBjdQAAAAAAAAAAAAAAAAAXU2NpQ29tcEFuZFNvZnRFbmdQYXBlcnMAAAIARi86VXNlcnM6c21pdGhzOlJlcG9zOnNlNHNjOlNjaUNvbXBBbmRTb2Z0RW5nUGFwZXJzOlN0ZXdhcnRFdEFsMjAxNy5wZGYADgAoABMAUwB0AGUAdwBhAHIAdABFAHQAQQBsADIAMAAxADcALgBwAGQAZgAPABoADABNAGEAYwBpAG4AdABvAHMAaAAgAEgARAASAERVc2Vycy9zbWl0aHMvUmVwb3Mvc2U0c2MvU2NpQ29tcEFuZFNvZnRFbmdQYXBlcnMvU3Rld2FydEV0QWwyMDE3LnBkZgATAAEvAAAVAAIADf//AAAACAANABoAJABbAAAAAAAAAgEAAAAAAAAABQAAAAAAAAAAAAAAAAAAAf0=}}

@article{CrickAndHall2014,
	Author = {Tom Crick and Benjamin A. Hall and Samin Ishtiaq},
	Bibsource = {dblp computer science bibliography, http://dblp.org},
	Biburl = {http://dblp.uni-trier.de/rec/bib/journals/corr/CrickHI14},
	Date-Added = {2019-09-10 15:14:30 -0400},
	Date-Modified = {2019-09-10 15:14:30 -0400},
	Journal = {CoRR},
	Timestamp = {Fri, 01 Aug 2014 13:50:01 +0200},
	Title = {``{C}an {I} Implement Your Algorithm?'': {A} Model for Reproducible Research Software},
	Url = {http://arxiv.org/abs/1407.5981},
	Volume = {abs/1407.5981},
	Year = {2014},
	Bdsk-File-1 = {YnBsaXN0MDDSAQIDBFxyZWxhdGl2ZVBhdGhZYWxpYXNEYXRhXxA1Li4vc2U0c2MvU2NpQ29tcEFuZFNvZnRFbmdQYXBlcnMvQ3JpY2tBbmRIYWxsMjAxNC5wZGZPEQGkAAAAAAGkAAIAAAxNYWNpbnRvc2ggSEQAAAAAAAAAAAAAAAAAAAAAAAAAQkQAAf////8UQ3JpY2tBbmRIYWxsMjAxNC5wZGYAAAAAAAAAAAAAAAAAAAAAAAAAAAAAAAAAAAAAAAAAAAAAAAAAAAAAAAAA/////wAAAAAAAAAAAAAAAAABAAMAAAogY3UAAAAAAAAAAAAAAAAAF1NjaUNvbXBBbmRTb2Z0RW5nUGFwZXJzAAACAEcvOlVzZXJzOnNtaXRoczpSZXBvczpzZTRzYzpTY2lDb21wQW5kU29mdEVuZ1BhcGVyczpDcmlja0FuZEhhbGwyMDE0LnBkZgAADgAqABQAQwByAGkAYwBrAEEAbgBkAEgAYQBsAGwAMgAwADEANAAuAHAAZABmAA8AGgAMAE0AYQBjAGkAbgB0AG8AcwBoACAASABEABIARVVzZXJzL3NtaXRocy9SZXBvcy9zZTRzYy9TY2lDb21wQW5kU29mdEVuZ1BhcGVycy9Dcmlja0FuZEhhbGwyMDE0LnBkZgAAEwABLwAAFQACAA3//wAAAAgADQAaACQAXAAAAAAAAAIBAAAAAAAAAAUAAAAAAAAAAAAAAAAAAAIE},
	Bdsk-Url-1 = {http://arxiv.org/abs/1407.5981}}

@inproceedings{IonescuAndJansson2013,
	Author = {Cezar Ionescu and Patrik Jansson},
	Booktitle = {{Revised Selected Papers of the 24th International Symposium on Implementation and Application of Functional Languages}},
	Date-Added = {2019-09-10 15:14:04 -0400},
	Date-Modified = {2019-09-10 15:14:04 -0400},
	Doi = {10.1007/978-3-642-41582-1_9},
	Pages = {140--156},
	Publisher = {{Springer International Publishing}},
	Series = {{Lecture Notes in Computer Science}},
	Title = {{Dependently-Typed Programming in Scientific Computing --- Examples from Economic Modelling}},
	Volume = 8241,
	Year = 2012,
	Bdsk-File-1 = {YnBsaXN0MDDSAQIDBFxyZWxhdGl2ZVBhdGhZYWxpYXNEYXRhXxA6Li4vc2U0c2MvU2NpQ29tcEFuZFNvZnRFbmdQYXBlcnMvSW9uZXNjdUFuZEphbnNzb24yMDEzLnBkZk8RAbYAAAAAAbYAAgAADE1hY2ludG9zaCBIRAAAAAAAAAAAAAAAAAAAAAAAAABCRAAB/////xlJb25lc2N1QW5kSmFuc3NvbjIwMTMucGRmAAAAAAAAAAAAAAAAAAAAAAAAAAAAAAAAAAAAAAAAAAAAAAAAAAD/////AAAAAAAAAAAAAAAAAAEAAwAACiBjdQAAAAAAAAAAAAAAAAAXU2NpQ29tcEFuZFNvZnRFbmdQYXBlcnMAAAIATC86VXNlcnM6c21pdGhzOlJlcG9zOnNlNHNjOlNjaUNvbXBBbmRTb2Z0RW5nUGFwZXJzOklvbmVzY3VBbmRKYW5zc29uMjAxMy5wZGYADgA0ABkASQBvAG4AZQBzAGMAdQBBAG4AZABKAGEAbgBzAHMAbwBuADIAMAAxADMALgBwAGQAZgAPABoADABNAGEAYwBpAG4AdABvAHMAaAAgAEgARAASAEpVc2Vycy9zbWl0aHMvUmVwb3Mvc2U0c2MvU2NpQ29tcEFuZFNvZnRFbmdQYXBlcnMvSW9uZXNjdUFuZEphbnNzb24yMDEzLnBkZgATAAEvAAAVAAIADf//AAAACAANABoAJABhAAAAAAAAAgEAAAAAAAAABQAAAAAAAAAAAAAAAAAAAhs=},
	Bdsk-Url-1 = {http://dx.doi.org/10.1007/978-3-642-41582-1_9}}

@article{IoannidisEtAl2009,
	Author = {Ioannidis, John PA and Allison, David B and Ball, Catherine A and Coulibaly, Issa and Cui, Xiangqin and Culhane, Aed{\'\i}n C and Falchi, Mario and Furlanello, Cesare and Game, Laurence and Jurman, Giuseppe and others},
	Date-Added = {2019-09-10 15:13:49 -0400},
	Date-Modified = {2019-09-10 15:13:49 -0400},
	Journal = {Nature genetics},
	Number = {2},
	Pages = {149--155},
	Publisher = {Nature Publishing Group},
	Title = {Repeatability of published microarray gene expression analyses},
	Volume = {41},
	Year = {2009},
	Bdsk-File-1 = {YnBsaXN0MDDSAQIDBFxyZWxhdGl2ZVBhdGhZYWxpYXNEYXRhXxA2Li4vc2U0c2MvU2NpQ29tcEFuZFNvZnRFbmdQYXBlcnMvSW9hbm5pZGlzRXRBbDIwMDkucGRmTxEBpgAAAAABpgACAAAMTWFjaW50b3NoIEhEAAAAAAAAAAAAAAAAAAAAAAAAAEJEAAH/////FUlvYW5uaWRpc0V0QWwyMDA5LnBkZgAAAAAAAAAAAAAAAAAAAAAAAAAAAAAAAAAAAAAAAAAAAAAAAAAAAAAAAP////8AAAAAAAAAAAAAAAAAAQADAAAKIGN1AAAAAAAAAAAAAAAAABdTY2lDb21wQW5kU29mdEVuZ1BhcGVycwAAAgBILzpVc2VyczpzbWl0aHM6UmVwb3M6c2U0c2M6U2NpQ29tcEFuZFNvZnRFbmdQYXBlcnM6SW9hbm5pZGlzRXRBbDIwMDkucGRmAA4ALAAVAEkAbwBhAG4AbgBpAGQAaQBzAEUAdABBAGwAMgAwADAAOQAuAHAAZABmAA8AGgAMAE0AYQBjAGkAbgB0AG8AcwBoACAASABEABIARlVzZXJzL3NtaXRocy9SZXBvcy9zZTRzYy9TY2lDb21wQW5kU29mdEVuZ1BhcGVycy9Jb2FubmlkaXNFdEFsMjAwOS5wZGYAEwABLwAAFQACAA3//wAAAAgADQAaACQAXQAAAAAAAAIBAAAAAAAAAAUAAAAAAAAAAAAAAAAAAAIH}}

@techreport{CollbergEtAl2015,
	Address = {Tucson, AZ},
	Author = {Christian Collberg and Todd Proebsting and Alex M Warren},
	Date-Added = {2019-09-10 15:13:35 -0400},
	Date-Modified = {2019-09-10 15:13:35 -0400},
	Institution = {Department of Computer Science, University of Arizona},
	Number = {TR 14-04},
	Title = {Repeatability and Benefaction in Computer Systems Research},
	Url = {http://repeatability.cs.arizona.edu/v2/RepeatabilityTR.pdf},
	Year = {2015},
	Bdsk-File-1 = {YnBsaXN0MDDSAQIDBFxyZWxhdGl2ZVBhdGhZYWxpYXNEYXRhXxA1Li4vc2U0c2MvU2NpQ29tcEFuZFNvZnRFbmdQYXBlcnMvQ29sbGJlcmdFdEFsMjAxNS5wZGZPEQGkAAAAAAGkAAIAAAxNYWNpbnRvc2ggSEQAAAAAAAAAAAAAAAAAAAAAAAAAQkQAAf////8UQ29sbGJlcmdFdEFsMjAxNS5wZGYAAAAAAAAAAAAAAAAAAAAAAAAAAAAAAAAAAAAAAAAAAAAAAAAAAAAAAAAA/////wAAAAAAAAAAAAAAAAABAAMAAAogY3UAAAAAAAAAAAAAAAAAF1NjaUNvbXBBbmRTb2Z0RW5nUGFwZXJzAAACAEcvOlVzZXJzOnNtaXRoczpSZXBvczpzZTRzYzpTY2lDb21wQW5kU29mdEVuZ1BhcGVyczpDb2xsYmVyZ0V0QWwyMDE1LnBkZgAADgAqABQAQwBvAGwAbABiAGUAcgBnAEUAdABBAGwAMgAwADEANQAuAHAAZABmAA8AGgAMAE0AYQBjAGkAbgB0AG8AcwBoACAASABEABIARVVzZXJzL3NtaXRocy9SZXBvcy9zZTRzYy9TY2lDb21wQW5kU29mdEVuZ1BhcGVycy9Db2xsYmVyZ0V0QWwyMDE1LnBkZgAAEwABLwAAFQACAA3//wAAAAgADQAaACQAXAAAAAAAAAIBAAAAAAAAAAUAAAAAAAAAAAAAAAAAAAIE},
	Bdsk-Url-1 = {http://repeatability.cs.arizona.edu/v2/RepeatabilityTR.pdf}}

@inbook{BaileyEtAl2016,
	Address = {New York},
	Author = {David H. Bailey and Jonathan M. Borwein and Victoria Stodden},
	Chapter = {Facilitating reproducibility in scientific computing: principles and practice},
	Date-Added = {2019-09-10 15:13:27 -0400},
	Date-Modified = {2019-09-10 15:13:27 -0400},
	Editor = {Harald Atmanspacher and Sabine Maasen},
	Pages = {205--232},
	Publisher = {John Wiley and Sons},
	Title = {Reproducibility: Principles, Problems, Practices},
	Year = {2016},
	Bdsk-File-1 = {YnBsaXN0MDDSAQIDBFxyZWxhdGl2ZVBhdGhZYWxpYXNEYXRhXxAzLi4vc2U0c2MvU2NpQ29tcEFuZFNvZnRFbmdQYXBlcnMvQmFpbGV5RXRBbDIwMTYucGRmTxEBnAAAAAABnAACAAAMTWFjaW50b3NoIEhEAAAAAAAAAAAAAAAAAAAAAAAAAEJEAAH/////EkJhaWxleUV0QWwyMDE2LnBkZgAAAAAAAAAAAAAAAAAAAAAAAAAAAAAAAAAAAAAAAAAAAAAAAAAAAAAAAAAAAP////8AAAAAAAAAAAAAAAAAAQADAAAKIGN1AAAAAAAAAAAAAAAAABdTY2lDb21wQW5kU29mdEVuZ1BhcGVycwAAAgBFLzpVc2VyczpzbWl0aHM6UmVwb3M6c2U0c2M6U2NpQ29tcEFuZFNvZnRFbmdQYXBlcnM6QmFpbGV5RXRBbDIwMTYucGRmAAAOACYAEgBCAGEAaQBsAGUAeQBFAHQAQQBsADIAMAAxADYALgBwAGQAZgAPABoADABNAGEAYwBpAG4AdABvAHMAaAAgAEgARAASAENVc2Vycy9zbWl0aHMvUmVwb3Mvc2U0c2MvU2NpQ29tcEFuZFNvZnRFbmdQYXBlcnMvQmFpbGV5RXRBbDIwMTYucGRmAAATAAEvAAAVAAIADf//AAAACAANABoAJABaAAAAAAAAAgEAAAAAAAAABQAAAAAAAAAAAAAAAAAAAfo=},
	Bdsk-Url-1 = {http://citeseerx.ist.psu.edu/viewdoc/download?doi=10.1.1.432.8990&rep=rep1&type=pdf}}

@article{BenureauAndRougier2017,
	Adsnote = {Provided by the SAO/NASA Astrophysics Data System},
	Adsurl = {http://adsabs.harvard.edu/abs/2017arXiv170808205B},
	Archiveprefix = {arXiv},
	Author = {{Benureau}, F. and {Rougier}, N.},
	Date-Added = {2019-09-10 15:13:19 -0400},
	Date-Modified = {2019-09-10 15:13:19 -0400},
	Eprint = {1708.08205},
	Journal = {ArXiv e-prints},
	Keywords = {Computer Science - General Literature, Computer Science - Computers and Society},
	Month = aug,
	Primaryclass = {cs.GL},
	Title = {{Re-run, Repeat, Reproduce, Reuse, Replicate: Transforming Code into Scientific Contributions}},
	Year = 2017,
	Bdsk-File-1 = {YnBsaXN0MDDSAQIDBFxyZWxhdGl2ZVBhdGhZYWxpYXNEYXRhXxA7Li4vc2U0c2MvU2NpQ29tcEFuZFNvZnRFbmdQYXBlcnMvQmVudXJlYXVBbmRSb3VnaWVyMjAxNy5wZGZPEQG8AAAAAAG8AAIAAAxNYWNpbnRvc2ggSEQAAAAAAAAAAAAAAAAAAAAAAAAAQkQAAf////8aQmVudXJlYXVBbmRSb3VnaWVyMjAxNy5wZGYAAAAAAAAAAAAAAAAAAAAAAAAAAAAAAAAAAAAAAAAAAAAAAAAA/////wAAAAAAAAAAAAAAAAABAAMAAAogY3UAAAAAAAAAAAAAAAAAF1NjaUNvbXBBbmRTb2Z0RW5nUGFwZXJzAAACAE0vOlVzZXJzOnNtaXRoczpSZXBvczpzZTRzYzpTY2lDb21wQW5kU29mdEVuZ1BhcGVyczpCZW51cmVhdUFuZFJvdWdpZXIyMDE3LnBkZgAADgA2ABoAQgBlAG4AdQByAGUAYQB1AEEAbgBkAFIAbwB1AGcAaQBlAHIAMgAwADEANwAuAHAAZABmAA8AGgAMAE0AYQBjAGkAbgB0AG8AcwBoACAASABEABIAS1VzZXJzL3NtaXRocy9SZXBvcy9zZTRzYy9TY2lDb21wQW5kU29mdEVuZ1BhcGVycy9CZW51cmVhdUFuZFJvdWdpZXIyMDE3LnBkZgAAEwABLwAAFQACAA3//wAAAAgADQAaACQAYgAAAAAAAAIBAAAAAAAAAAUAAAAAAAAAAAAAAAAAAAIi}}

@article{Hatton2007,
	Author = {Les Hatton},
	Date-Added = {2019-09-10 15:13:10 -0400},
	Date-Modified = {2019-09-10 15:13:10 -0400},
	Journal = {Computer},
	Keywords = {computers and society, computing profession, software quality},
	Local-Url = {file://localhost/Users/smiths/LongTermArchives/Work/Research/References/SciCompAndSoftEng/Hatton2007.pdf},
	Month = aug,
	Number = {8},
	Title = {The chimera of software quality},
	Volume = {40},
	Year = {2007},
	Bdsk-File-1 = {YnBsaXN0MDDSAQIDBFxyZWxhdGl2ZVBhdGhZYWxpYXNEYXRhXxAvLi4vc2U0c2MvU2NpQ29tcEFuZFNvZnRFbmdQYXBlcnMvSGF0dG9uMjAwNy5wZGZPEQGMAAAAAAGMAAIAAAxNYWNpbnRvc2ggSEQAAAAAAAAAAAAAAAAAAAAAAAAAQkQAAf////8OSGF0dG9uMjAwNy5wZGYAAAAAAAAAAAAAAAAAAAAAAAAAAAAAAAAAAAAAAAAAAAAAAAAAAAAAAAAAAAAAAAAA/////wAAAAAAAAAAAAAAAAABAAMAAAogY3UAAAAAAAAAAAAAAAAAF1NjaUNvbXBBbmRTb2Z0RW5nUGFwZXJzAAACAEEvOlVzZXJzOnNtaXRoczpSZXBvczpzZTRzYzpTY2lDb21wQW5kU29mdEVuZ1BhcGVyczpIYXR0b24yMDA3LnBkZgAADgAeAA4ASABhAHQAdABvAG4AMgAwADAANwAuAHAAZABmAA8AGgAMAE0AYQBjAGkAbgB0AG8AcwBoACAASABEABIAP1VzZXJzL3NtaXRocy9SZXBvcy9zZTRzYy9TY2lDb21wQW5kU29mdEVuZ1BhcGVycy9IYXR0b24yMDA3LnBkZgAAEwABLwAAFQACAA3//wAAAAgADQAaACQAVgAAAAAAAAIBAAAAAAAAAAUAAAAAAAAAAAAAAAAAAAHm}}

@article{RudeEtAl2018,
	Author = {R{\"u}de, U. and Willcox, K. and McInnes, L. and Sterck, H.},
	Date-Added = {2019-09-10 15:13:01 -0400},
	Date-Modified = {2019-09-10 15:13:01 -0400},
	Doi = {10.1137/16M1096840},
	Eprint = {https://doi.org/10.1137/16M1096840},
	Journal = {SIAM Review},
	Number = {3},
	Pages = {707-754},
	Title = {Research and Education in Computational Science and Engineering},
	Url = {https://doi.org/10.1137/16M1096840},
	Volume = {60},
	Year = {2018},
	Bdsk-File-1 = {YnBsaXN0MDDSAQIDBFxyZWxhdGl2ZVBhdGhZYWxpYXNEYXRhXxAxLi4vc2U0c2MvU2NpQ29tcEFuZFNvZnRFbmdQYXBlcnMvUnVkZUV0QWwyMDE4LnBkZk8RAZQAAAAAAZQAAgAADE1hY2ludG9zaCBIRAAAAAAAAAAAAAAAAAAAAAAAAABCRAAB/////xBSdWRlRXRBbDIwMTgucGRmAAAAAAAAAAAAAAAAAAAAAAAAAAAAAAAAAAAAAAAAAAAAAAAAAAAAAAAAAAAAAAD/////AAAAAAAAAAAAAAAAAAEAAwAACiBjdQAAAAAAAAAAAAAAAAAXU2NpQ29tcEFuZFNvZnRFbmdQYXBlcnMAAAIAQy86VXNlcnM6c21pdGhzOlJlcG9zOnNlNHNjOlNjaUNvbXBBbmRTb2Z0RW5nUGFwZXJzOlJ1ZGVFdEFsMjAxOC5wZGYAAA4AIgAQAFIAdQBkAGUARQB0AEEAbAAyADAAMQA4AC4AcABkAGYADwAaAAwATQBhAGMAaQBuAHQAbwBzAGgAIABIAEQAEgBBVXNlcnMvc21pdGhzL1JlcG9zL3NlNHNjL1NjaUNvbXBBbmRTb2Z0RW5nUGFwZXJzL1J1ZGVFdEFsMjAxOC5wZGYAABMAAS8AABUAAgAN//8AAAAIAA0AGgAkAFgAAAAAAAACAQAAAAAAAAAFAAAAAAAAAAAAAAAAAAAB8A==},
	Bdsk-Url-1 = {https://doi.org/10.1137/16M1096840}}

@article{MilewiczAndRaybourn2018,
	Abstract = {Large-scale collaborative scientific software projects require more knowledge than any one person typically possesses. This makes coordination and communication of knowledge and expertise a key factor in creating and safeguarding software quality, without which we cannot have sustainable software. However, as researchers attempt to scale up the production of software, they are confronted by problems of awareness and understanding. This presents an opportunity to develop better practices and tools that directly address these challenges. To that end, we conducted a case study of developers of the Trilinos project. We surveyed the software development challenges addressed and show how those problems are connected with what they know and how they communicate. Based on these data, we provide a series of practicable recommendations, and outline a path forward for future research.},
	Annote = {- cites Drasil (Dan's position paper) and Thulasi's work (5 redevelopment projects)
- seems like MandR assumed the potential problems - should have provided an opportunity for new problems to emerge from user feedback
- they implied that Drasil cannot capture tacit knowledge that cannot be codefied, likely because they misunderstood Drasil
	- if Drasil is successful, much of the knowledge they are referring to only has to be entered once, the communication is through documentation, mistakes cannot be repeated in the same way as the anecdote in the paper because the code is generated},
	Author = {Reed Milewicz and Elaine M. Raybourn},
	Date-Added = {2019-09-10 15:12:37 -0400},
	Date-Modified = {2019-09-10 15:12:37 -0400},
	Journal = {ArXiv e-prints},
	Month = {September},
	Title = {Talk to Me: A Case Study on Coordinating Expertise in Large-Scale Scientific Software Projects},
	Year = {2018},
	Bdsk-File-1 = {YnBsaXN0MDDSAQIDBFxyZWxhdGl2ZVBhdGhZYWxpYXNEYXRhXxA8Li4vc2U0c2MvU2NpQ29tcEFuZFNvZnRFbmdQYXBlcnMvTWlsZXdpY3pBbmRSYXlib3VybjIwMTgucGRmTxEBvgAAAAABvgACAAAMTWFjaW50b3NoIEhEAAAAAAAAAAAAAAAAAAAAAAAAAEJEAAH/////G01pbGV3aWN6QW5kUmF5Ym91cm4yMDE4LnBkZgAAAAAAAAAAAAAAAAAAAAAAAAAAAAAAAAAAAAAAAAAAAAAAAP////8AAAAAAAAAAAAAAAAAAQADAAAKIGN1AAAAAAAAAAAAAAAAABdTY2lDb21wQW5kU29mdEVuZ1BhcGVycwAAAgBOLzpVc2VyczpzbWl0aHM6UmVwb3M6c2U0c2M6U2NpQ29tcEFuZFNvZnRFbmdQYXBlcnM6TWlsZXdpY3pBbmRSYXlib3VybjIwMTgucGRmAA4AOAAbAE0AaQBsAGUAdwBpAGMAegBBAG4AZABSAGEAeQBiAG8AdQByAG4AMgAwADEAOAAuAHAAZABmAA8AGgAMAE0AYQBjAGkAbgB0AG8AcwBoACAASABEABIATFVzZXJzL3NtaXRocy9SZXBvcy9zZTRzYy9TY2lDb21wQW5kU29mdEVuZ1BhcGVycy9NaWxld2ljekFuZFJheWJvdXJuMjAxOC5wZGYAEwABLwAAFQACAA3//wAAAAgADQAaACQAYwAAAAAAAAIBAAAAAAAAAAUAAAAAAAAAAAAAAAAAAAIl}}

@article{PostAndVotta2005,
	Adsnote = {Provided by the SAO/NASA Astrophysics Data System},
	Adsurl = {http://adsabs.harvard.edu/abs/2005PhT....58a..35P},
	Annote = {``Verification, validation, and quality management, we found, are all crucial to the success of a large-scale code- writing project. Although some computational science projects---those illustrated by figures 1−4, for example---stress all three requirements, many other current and planned projects give them insufficient attention.   In the absence of any one of those requirements, one doesn't have the assurance of independent assessment, confirmation, and repeatability of results. Because it's impossible to judge the validity of such results, they often have little credibility and no impact.''

- more examples of failures - missed discovery

- emphasizes verification and validation},
	Author = {{Post}, D.~E. and {Votta}, L.~G.},
	Date-Added = {2019-09-10 15:11:58 -0400},
	Date-Modified = {2019-09-10 15:11:58 -0400},
	Doi = {10.1063/1.1881898},
	Journal = {Physics Today},
	Keywords = {computer applications, physics, societies, data analysis, parallel processing, codes, white dwarfs, software selection, supernovae, magnetosphere, bridges (structures)},
	Month = jan,
	Number = 1,
	Pages = {35-41},
	Title = {{Computational Science Demands a New Paradigm}},
	Volume = 58,
	Year = 2005,
	Bdsk-File-1 = {YnBsaXN0MDDSAQIDBFxyZWxhdGl2ZVBhdGhZYWxpYXNEYXRhXxA1Li4vc2U0c2MvU2NpQ29tcEFuZFNvZnRFbmdQYXBlcnMvUG9zdEFuZFZvdHRhMjAwNS5wZGZPEQGkAAAAAAGkAAIAAAxNYWNpbnRvc2ggSEQAAAAAAAAAAAAAAAAAAAAAAAAAQkQAAf////8UUG9zdEFuZFZvdHRhMjAwNS5wZGYAAAAAAAAAAAAAAAAAAAAAAAAAAAAAAAAAAAAAAAAAAAAAAAAAAAAAAAAA/////wAAAAAAAAAAAAAAAAABAAMAAAogY3UAAAAAAAAAAAAAAAAAF1NjaUNvbXBBbmRTb2Z0RW5nUGFwZXJzAAACAEcvOlVzZXJzOnNtaXRoczpSZXBvczpzZTRzYzpTY2lDb21wQW5kU29mdEVuZ1BhcGVyczpQb3N0QW5kVm90dGEyMDA1LnBkZgAADgAqABQAUABvAHMAdABBAG4AZABWAG8AdAB0AGEAMgAwADAANQAuAHAAZABmAA8AGgAMAE0AYQBjAGkAbgB0AG8AcwBoACAASABEABIARVVzZXJzL3NtaXRocy9SZXBvcy9zZTRzYy9TY2lDb21wQW5kU29mdEVuZ1BhcGVycy9Qb3N0QW5kVm90dGEyMDA1LnBkZgAAEwABLwAAFQACAA3//wAAAAgADQAaACQAXAAAAAAAAAIBAAAAAAAAAAUAAAAAAAAAAAAAAAAAAAIE},
	Bdsk-Url-1 = {https://doi.org/10.1063/1.1881898}}

@article{Miller2006,
	Author = {Miller, Greg},
	Date-Added = {2019-09-10 15:11:49 -0400},
	Date-Modified = {2019-09-10 15:11:49 -0400},
	Doi = {10.1126/science.314.5807.1856},
	Eprint = {http://www.sciencemag.org/cgi/reprint/314/5807/1856.pdf},
	Journal = {Science},
	Number = {5807},
	Pages = {1856-1857},
	Title = {{SCIENTIFIC PUBLISHING: A Scientist's Nightmare: Software Problem Leads to Five Retractions}},
	Url = {http://www.sciencemag.org},
	Volume = {314},
	Year = {2006},
	Bdsk-File-1 = {YnBsaXN0MDDSAQIDBFxyZWxhdGl2ZVBhdGhZYWxpYXNEYXRhXxA4Li4vLi4vV29yay9SZXNlYXJjaC9SZWZlcmVuY2VzL1NjaWVuY2UyMDA2UmV0cmFjdGlvbi5wZGZPEQGUAAAAAAGUAAIAAAxNYWNpbnRvc2ggSEQAAAAAAAAAAAAAAAAAAAAAAAAAQkQAAf////8ZU2NpZW5jZTIwMDZSZXRyYWN0aW9uLnBkZgAAAAAAAAAAAAAAAAAAAAAAAAAAAAAAAAAAAAAAAAAAAAAAAAAA/////wAAAAAAAAAAAAAAAAACAAQAAAogY3UAAAAAAAAAAAAAAAAAClJlZmVyZW5jZXMAAgBBLzpVc2VyczpzbWl0aHM6V29yazpSZXNlYXJjaDpSZWZlcmVuY2VzOlNjaWVuY2UyMDA2UmV0cmFjdGlvbi5wZGYAAA4ANAAZAFMAYwBpAGUAbgBjAGUAMgAwADAANgBSAGUAdAByAGEAYwB0AGkAbwBuAC4AcABkAGYADwAaAAwATQBhAGMAaQBuAHQAbwBzAGgAIABIAEQAEgA/VXNlcnMvc21pdGhzL1dvcmsvUmVzZWFyY2gvUmVmZXJlbmNlcy9TY2llbmNlMjAwNlJldHJhY3Rpb24ucGRmAAATAAEvAAAVAAIADf//AAAACAANABoAJABfAAAAAAAAAgEAAAAAAAAABQAAAAAAAAAAAAAAAAAAAfc=},
	Bdsk-Url-1 = {http://www.sciencemag.org},
	Bdsk-Url-2 = {http://dx.doi.org/10.1126/science.314.5807.1856}}

@inproceedings{CarverEtAl2007,
	Address = {Washington, DC, USA},
	Author = {Jeffrey C. Carver and Richard P. Kendall and Susan E. Squires and Douglass E. Post},
	Booktitle = {ICSE '07: Proceedings of the 29th International Conference on Software Engineering},
	Date-Added = {2019-09-10 15:11:29 -0400},
	Date-Modified = {2019-09-10 15:11:29 -0400},
	Doi = {http://dx.doi.org/10.1109/ICSE.2007.77},
	Isbn = {0-7695-2828-7},
	Local-Url = {file://localhost/Users/smiths/LongTermArchives/Work/Research/References/SciCompAndSoftEng/CarverEtAl2007.pdf},
	Pages = {550--559},
	Publisher = {IEEE Computer Society},
	Title = {Software Development Environments for Scientific and Engineering Software: A Series of Case Studies},
	Year = {2007},
	Bdsk-File-1 = {YnBsaXN0MDDSAQIDBFxyZWxhdGl2ZVBhdGhZYWxpYXNEYXRhXxAxLi4vLi4vV29yay9SZXNlYXJjaC9SZWZlcmVuY2VzL0NhcnZlckV0QWwyMDA3LnBkZk8RAXYAAAAAAXYAAgAADE1hY2ludG9zaCBIRAAAAAAAAAAAAAAAAAAAAAAAAABCRAAB/////xJDYXJ2ZXJFdEFsMjAwNy5wZGYAAAAAAAAAAAAAAAAAAAAAAAAAAAAAAAAAAAAAAAAAAAAAAAAAAAAAAAAAAAD/////AAAAAAAAAAAAAAAAAAIABAAACiBjdQAAAAAAAAAAAAAAAAAKUmVmZXJlbmNlcwACADovOlVzZXJzOnNtaXRoczpXb3JrOlJlc2VhcmNoOlJlZmVyZW5jZXM6Q2FydmVyRXRBbDIwMDcucGRmAA4AJgASAEMAYQByAHYAZQByAEUAdABBAGwAMgAwADAANwAuAHAAZABmAA8AGgAMAE0AYQBjAGkAbgB0AG8AcwBoACAASABEABIAOFVzZXJzL3NtaXRocy9Xb3JrL1Jlc2VhcmNoL1JlZmVyZW5jZXMvQ2FydmVyRXRBbDIwMDcucGRmABMAAS8AABUAAgAN//8AAAAIAA0AGgAkAFgAAAAAAAACAQAAAAAAAAAFAAAAAAAAAAAAAAAAAAAB0g==},
	Bdsk-Url-1 = {http://dx.doi.org/10.1109/ICSE.2007.77}}

@inproceedings{SmithJegatheesanAndKelly2016,
	Author = {W. Spencer Smith and Thulasi Jegatheesan and Diane F. Kelly},
	Booktitle = {Proceedings of the Fourth International Workshop on Software Engineering for High Performance Computing in Computational Science and Engineering (SE-HPCCE)},
	Date-Added = {2019-09-10 15:11:15 -0400},
	Date-Modified = {2019-09-10 15:11:15 -0400},
	Month = nov,
	Note = {8 pp},
	Title = {Advantages, Disadvantages and Misunderstandings About Document Driven Design for Scientific Software},
	Year = {2016},
	Bdsk-File-1 = {YnBsaXN0MDDSAQIDBFxyZWxhdGl2ZVBhdGhZYWxpYXNEYXRhXxBBLi4vc2U0c2MvU2NpQ29tcEFuZFNvZnRFbmdQYXBlcnMvU21pdGhKZWdhdGhlZXNhbkFuZEtlbGx5MjAxNi5wZGZPEQHUAAAAAAHUAAIAAAxNYWNpbnRvc2ggSEQAAAAAAAAAAAAAAAAAAAAAAAAAQkQAAf////8fU21pdGhKZWdhdGhlZXNhbkFuI0ZGRkZGRkZGLnBkZgAAAAAAAAAAAAAAAAAAAAAAAAAAAAAAAAAAAAAAAAAA/////wAAAAAAAAAAAAAAAAABAAMAAAogY3UAAAAAAAAAAAAAAAAAF1NjaUNvbXBBbmRTb2Z0RW5nUGFwZXJzAAACAFMvOlVzZXJzOnNtaXRoczpSZXBvczpzZTRzYzpTY2lDb21wQW5kU29mdEVuZ1BhcGVyczpTbWl0aEplZ2F0aGVlc2FuQW5kS2VsbHkyMDE2LnBkZgAADgBCACAAUwBtAGkAdABoAEoAZQBnAGEAdABoAGUAZQBzAGEAbgBBAG4AZABLAGUAbABsAHkAMgAwADEANgAuAHAAZABmAA8AGgAMAE0AYQBjAGkAbgB0AG8AcwBoACAASABEABIAUVVzZXJzL3NtaXRocy9SZXBvcy9zZTRzYy9TY2lDb21wQW5kU29mdEVuZ1BhcGVycy9TbWl0aEplZ2F0aGVlc2FuQW5kS2VsbHkyMDE2LnBkZgAAEwABLwAAFQACAA3//wAAAAgADQAaACQAaAAAAAAAAAIBAAAAAAAAAAUAAAAAAAAAAAAAAAAAAAJA},
	Bdsk-Url-1 = {http://se4science.org/workshops/sehpccse16/cfp.htm}}

@article{SmithAndKoothoor2016,
	Abstract = {This paper presents a documentation and development method to facilitate the certification of scientific computing software used in the safety analysis of nuclear facilities. To study the problems faced during quality assurance and certification activities, a case study was performed on legacy software used for thermal analysis of a fuelpin in a nuclear reactor. Although no errors were uncovered in the code, 27 issues of incompleteness and inconsistency were found with the documentation. This work proposes that software documentation follow a rational process, which includes a software requirements specification following a template that is reusable, maintainable, and understandable. To develop the design and implementation, this paper suggests literate programming as an alternative to traditional structured programming. Literate programming allows for documenting of numerical algorithms and code together in what is termed the literate programmer's manual. This manual is developed with explicit traceability to the software requirements specification. The traceability between the theory, numerical algorithms, and implementation facilitates achieving completeness and consistency, as well as simplifies the process of verification and the associated certification.},
	Author = {W. Spencer Smith and Nirmitha Koothoor},
	Date-Added = {2019-09-10 15:10:58 -0400},
	Date-Modified = {2019-09-10 15:10:58 -0400},
	Doi = {http://dx.doi.org/10.1016/j.net.2015.11.008},
	Issn = {1738-5733},
	Journal = {Nuclear Engineering and Technology},
	Keywords = {Software Quality},
	Month = apr,
	Number = {2},
	Pages = {404-418},
	Title = {A Document-Driven Method for Certifying Scientific Computing Software for Use in Nuclear Safety Analysis},
	Url = {http://www.sciencedirect.com/science/article/pii/S1738573315002582},
	Volume = {48},
	Year = {2016},
	Bdsk-File-1 = {YnBsaXN0MDDSAQIDBFxyZWxhdGl2ZVBhdGhZYWxpYXNEYXRhXxA5Li4vc2U0c2MvU2NpQ29tcEFuZFNvZnRFbmdQYXBlcnMvU21pdGhBbmRLb290aG9vcjIwMTYucGRmTxEBtAAAAAABtAACAAAMTWFjaW50b3NoIEhEAAAAAAAAAAAAAAAAAAAAAAAAAEJEAAH/////GFNtaXRoQW5kS29vdGhvb3IyMDE2LnBkZgAAAAAAAAAAAAAAAAAAAAAAAAAAAAAAAAAAAAAAAAAAAAAAAAAAAP////8AAAAAAAAAAAAAAAAAAQADAAAKIGN1AAAAAAAAAAAAAAAAABdTY2lDb21wQW5kU29mdEVuZ1BhcGVycwAAAgBLLzpVc2VyczpzbWl0aHM6UmVwb3M6c2U0c2M6U2NpQ29tcEFuZFNvZnRFbmdQYXBlcnM6U21pdGhBbmRLb290aG9vcjIwMTYucGRmAAAOADIAGABTAG0AaQB0AGgAQQBuAGQASwBvAG8AdABoAG8AbwByADIAMAAxADYALgBwAGQAZgAPABoADABNAGEAYwBpAG4AdABvAHMAaAAgAEgARAASAElVc2Vycy9zbWl0aHMvUmVwb3Mvc2U0c2MvU2NpQ29tcEFuZFNvZnRFbmdQYXBlcnMvU21pdGhBbmRLb290aG9vcjIwMTYucGRmAAATAAEvAAAVAAIADf//AAAACAANABoAJABgAAAAAAAAAgEAAAAAAAAABQAAAAAAAAAAAAAAAAAAAhg=},
	Bdsk-Url-1 = {http://www.sciencedirect.com/science/article/pii/S1738573315002582},
	Bdsk-Url-2 = {http://dx.doi.org/10.1016/j.net.2015.11.008}}

@techreport{SmithEtAl2015-SS-TR,
	Author = {W. Spencer Smith and Yue Sun and Jacques Carette},
	Date-Added = {2019-09-10 15:10:39 -0400},
	Date-Modified = {2019-09-10 15:10:39 -0400},
	Institution = {McMaster University},
	Month = jan,
	Note = {43 pp},
	Number = {CAS-15-01-SS},
	Title = {Comparing Psychometrics Software Development Between {CRAN} and Other Communities},
	Type = {Technical Report},
	Year = {2015},
	Bdsk-File-1 = {YnBsaXN0MDDSAQIDBFxyZWxhdGl2ZVBhdGhZYWxpYXNEYXRhXxBcLi4vLi4vT0xEX1NWTi9tbXNjT0xEX1NWTi9Eb21haW5YL1N1biBZdWUvV3JpdGluZy9Qc3ljaG9tZXRyaWMvQ0FTLTE1LTAxLVNTL0NBUy0xNS0wMS1TUy5wZGZPEQHYAAAAAAHYAAIAAAxNYWNpbnRvc2ggSEQAAAAAAAAAAAAAAAAAAAAAAAAAQkQAAf////8QQ0FTLTE1LTAxLVNTLnBkZgAAAAAAAAAAAAAAAAAAAAAAAAAAAAAAAAAAAAAAAAAAAAAAAAAAAAAAAAAAAAAA/////wAAAAAAAAAAAAAAAAACAAgAAAogY3UAAAAAAAAAAAAAAAAADENBUy0xNS0wMS1TUwACAGsvOlVzZXJzOnNtaXRoczpSZXBvczpPTERfU1ZOOm1tc2NPTERfU1ZOOkRvbWFpblg6U3VuIFl1ZTpXcml0aW5nOlBzeWNob21ldHJpYzpDQVMtMTUtMDEtU1M6Q0FTLTE1LTAxLVNTLnBkZgAADgAiABAAQwBBAFMALQAxADUALQAwADEALQBTAFMALgBwAGQAZgAPABoADABNAGEAYwBpAG4AdABvAHMAaAAgAEgARAASAGlVc2Vycy9zbWl0aHMvUmVwb3MvT0xEX1NWTi9tbXNjT0xEX1NWTi9Eb21haW5YL1N1biBZdWUvV3JpdGluZy9Qc3ljaG9tZXRyaWMvQ0FTLTE1LTAxLVNTL0NBUy0xNS0wMS1TUy5wZGYAABMAAS8AABUAAgAN//8AAAAIAA0AGgAkAIMAAAAAAAACAQAAAAAAAAAFAAAAAAAAAAAAAAAAAAACXw==}}

@inproceedings{Smith2018,
	Author = {W. Spencer Smith},
	Booktitle = {2018 International Workshop on Software Engineering for Science (held in conjunction with ICSE'18)},
	Date-Added = {2019-09-10 15:10:21 -0400},
	Date-Modified = {2019-09-10 15:10:21 -0400},
	Pages = {1--8},
	Title = {Beyond Software Carpentry},
	Year = {2018},
	Bdsk-File-1 = {YnBsaXN0MDDSAQIDBFxyZWxhdGl2ZVBhdGhZYWxpYXNEYXRhXxAuLi4vc2U0c2MvU2NpQ29tcEFuZFNvZnRFbmdQYXBlcnMvU21pdGgyMDE4LnBkZk8RAYYAAAAAAYYAAgAADE1hY2ludG9zaCBIRAAAAAAAAAAAAAAAAAAAAAAAAABCRAAB/////w1TbWl0aDIwMTgucGRmAAAAAAAAAAAAAAAAAAAAAAAAAAAAAAAAAAAAAAAAAAAAAAAAAAAAAAAAAAAAAAAAAAD/////AAAAAAAAAAAAAAAAAAEAAwAACiBjdQAAAAAAAAAAAAAAAAAXU2NpQ29tcEFuZFNvZnRFbmdQYXBlcnMAAAIAQC86VXNlcnM6c21pdGhzOlJlcG9zOnNlNHNjOlNjaUNvbXBBbmRTb2Z0RW5nUGFwZXJzOlNtaXRoMjAxOC5wZGYADgAcAA0AUwBtAGkAdABoADIAMAAxADgALgBwAGQAZgAPABoADABNAGEAYwBpAG4AdABvAHMAaAAgAEgARAASAD5Vc2Vycy9zbWl0aHMvUmVwb3Mvc2U0c2MvU2NpQ29tcEFuZFNvZnRFbmdQYXBlcnMvU21pdGgyMDE4LnBkZgATAAEvAAAVAAIADf//AAAACAANABoAJABVAAAAAAAAAgEAAAAAAAAABQAAAAAAAAAAAAAAAAAAAd8=}}

@article{FaulkEtAl2009,
	Abstract = {Hardware improvements do little to improve real productivity in scientific programming. Indeed, the dominant barriers to productivity improvement are now in the software processes. To break the gridlock, we must establish a degree of cooperation and collaboration with the software engineering community that does not yet exist.},
	Annote = {``The development environment's unique goals and constraints have led the scien- tific programming community to evolve its own characteristic software development approach. As our workflow studies show, this approach cre- ates bottlenecks{\ldots}''

``we saw many mani- festations of a productivity crisis: frustratingly long and troubled software development times, a growing shortage of expertise in critical areas,5 a dysfunctional market in supporting tools,6 acute problems in achieving required portability (both portable software and portable programming skills), and growing concern about the reliability of scientific results based on that software.''

``When asked about strategies for building con- fidence in their codes, the scientific programmers we studied answered strictly in terms of the sci- ence. Typical responses? That the output ``looked right'' to the domain scientist, and confidence in the code grew over time.''

- say can address productivity gridlock through automation (page 35, bottom) and abstraction - this is the idea behind DSL and generative programming - also says that measurement is important

- did a redevelopment experiment similar to ones done by Smith et al, but seem to have completely ignored documentation, focused on code},
	Author = {S. Faulk and E. Loh and M. L. V. D. Vanter and S. Squires and L. G. Votta},
	Date-Added = {2019-09-10 15:10:11 -0400},
	Date-Modified = {2019-09-10 15:10:11 -0400},
	Doi = {10.1109/MCSE.2009.205},
	Issn = {1521-9615},
	Journal = {Computing in Science Engineering},
	Keywords = {Scientific computing;Productivity;Software engineering;Hardware;Programming;Sun;Assembly;Humans;Computer industry;Machinery production industries;Sciences;scientific programming;software engineering},
	Month = {Nov},
	Number = {6},
	Pages = {30-39},
	Title = {Scientific Computing's Productivity Gridlock: How Software Engineering Can Help},
	Volume = {11},
	Year = {2009},
	Bdsk-File-1 = {YnBsaXN0MDDSAQIDBFxyZWxhdGl2ZVBhdGhZYWxpYXNEYXRhXxAyLi4vc2U0c2MvU2NpQ29tcEFuZFNvZnRFbmdQYXBlcnMvRmF1bGtFdEFsMjAwOS5wZGZPEQGWAAAAAAGWAAIAAAxNYWNpbnRvc2ggSEQAAAAAAAAAAAAAAAAAAAAAAAAAQkQAAf////8RRmF1bGtFdEFsMjAwOS5wZGYAAAAAAAAAAAAAAAAAAAAAAAAAAAAAAAAAAAAAAAAAAAAAAAAAAAAAAAAAAAAA/////wAAAAAAAAAAAAAAAAABAAMAAAogY3UAAAAAAAAAAAAAAAAAF1NjaUNvbXBBbmRTb2Z0RW5nUGFwZXJzAAACAEQvOlVzZXJzOnNtaXRoczpSZXBvczpzZTRzYzpTY2lDb21wQW5kU29mdEVuZ1BhcGVyczpGYXVsa0V0QWwyMDA5LnBkZgAOACQAEQBGAGEAdQBsAGsARQB0AEEAbAAyADAAMAA5AC4AcABkAGYADwAaAAwATQBhAGMAaQBuAHQAbwBzAGgAIABIAEQAEgBCVXNlcnMvc21pdGhzL1JlcG9zL3NlNHNjL1NjaUNvbXBBbmRTb2Z0RW5nUGFwZXJzL0ZhdWxrRXRBbDIwMDkucGRmABMAAS8AABUAAgAN//8AAAAIAA0AGgAkAFkAAAAAAAACAQAAAAAAAAAFAAAAAAAAAAAAAAAAAAAB8w==},
	Bdsk-Url-1 = {https://doi.org/10.1109/MCSE.2009.205}}

@inproceedings{SzymczakEtAl2016,
	Address = {Austin, Texas, United States},
	Author = {Daniel Szymczak and W. Spencer Smith and Jacques Carette},
	Booktitle = {Proceedings of SE4Science'16 in conjunction with the International Conference on Software Engineering (ICSE)},
	Date-Added = {2019-09-10 13:55:56 -0400},
	Date-Modified = {2019-09-10 13:55:56 -0400},
	Month = may,
	Note = {4 pp.},
	Organization = {In conjunction with ICSE 2016},
	Title = {Position Paper: A Knowledge-Based Approach to Scientific Software Development},
	Year = {2016},
	Bdsk-File-1 = {YnBsaXN0MDDSAQIDBFxyZWxhdGl2ZVBhdGhZYWxpYXNEYXRhXxA1Li4vc2U0c2MvU2NpQ29tcEFuZFNvZnRFbmdQYXBlcnMvU3p5bWN6YWtFdEFsMjAxNi5wZGZPEQGkAAAAAAGkAAIAAAxNYWNpbnRvc2ggSEQAAAAAAAAAAAAAAAAAAAAAAAAAQkQAAf////8UU3p5bWN6YWtFdEFsMjAxNi5wZGYAAAAAAAAAAAAAAAAAAAAAAAAAAAAAAAAAAAAAAAAAAAAAAAAAAAAAAAAA/////wAAAAAAAAAAAAAAAAABAAMAAAogY3UAAAAAAAAAAAAAAAAAF1NjaUNvbXBBbmRTb2Z0RW5nUGFwZXJzAAACAEcvOlVzZXJzOnNtaXRoczpSZXBvczpzZTRzYzpTY2lDb21wQW5kU29mdEVuZ1BhcGVyczpTenltY3pha0V0QWwyMDE2LnBkZgAADgAqABQAUwB6AHkAbQBjAHoAYQBrAEUAdABBAGwAMgAwADEANgAuAHAAZABmAA8AGgAMAE0AYQBjAGkAbgB0AG8AcwBoACAASABEABIARVVzZXJzL3NtaXRocy9SZXBvcy9zZTRzYy9TY2lDb21wQW5kU29mdEVuZ1BhcGVycy9TenltY3pha0V0QWwyMDE2LnBkZgAAEwABLwAAFQACAA3//wAAAAgADQAaACQAXAAAAAAAAAIBAAAAAAAAAAUAAAAAAAAAAAAAAAAAAAIE}}
